@misc{practica59:online,
author = {spro},
title = {practical-pytorch/char-rnn-generation.ipynb at master Â· spro/practical-pytorch},
howpublished = {\url{https://github.com/spro/practical-pytorch/blob/master/char-rnn-generation/char-rnn-generation.ipynb}},
month = {Jul},
year = {2017},
note = {(Accessed on 02/24/2019)}
}
@misc{lau2018deepspeare,
    title={Deep-speare: A Joint Neural Model of Poetic Language, Meter and Rhyme},
    author={Jey Han Lau and Trevor Cohn and Timothy Baldwin and Julian Brooke and Adam Hammond},
    year={2018},
    eprint={1807.03491},
    archivePrefix={arXiv},
    primaryClass={cs.CL}
}