@misc{practica59:online,
author = {spro},
title = {practical-pytorch/char-rnn-generation.ipynb at master Â· spro/practical-pytorch},
howpublished = {\url{https://github.com/spro/practical-pytorch/blob/master/char-rnn-generation/char-rnn-generation.ipynb}},
month = {Jul},
year = {2017},
note = {(Accessed on 02/24/2019)}
}
@misc{lau2018deepspeare,
    title={Deep-speare: A Joint Neural Model of Poetic Language, Meter and Rhyme},
    author={Jey Han Lau and Trevor Cohn and Timothy Baldwin and Julian Brooke and Adam Hammond},
    year={2018},
    eprint={1807.03491},
    archivePrefix={arXiv},
    primaryClass={cs.CL}
}
@article{DBLP:journals/corr/HaE17,
  author    = {David Ha and
               Douglas Eck},
  title     = {A Neural Representation of Sketch Drawings},
  journal   = {CoRR},
  volume    = {abs/1704.03477},
  year      = {2017},
  url       = {http://arxiv.org/abs/1704.03477},
  archivePrefix = {arXiv},
  eprint    = {1704.03477},
  timestamp = {Mon, 13 Aug 2018 16:48:30 +0200},
  biburl    = {https://dblp.org/rec/bib/journals/corr/HaE17},
  bibsource = {dblp computer science bibliography, https://dblp.org}
}
@misc{alexisja77:online,
author = {Alexis David Jacq},
title = {alexis-jacq/Pytorch-Sketch-RNN: a pytorch implementation of https://arxiv.org/abs/1704.03477},
howpublished = {\url{https://github.com/alexis-jacq/Pytorch-Sketch-RNN}},
month = {},
year = {},
note = {(Accessed on 04/14/2019)}
}